% bmc_article.bib
% 
%  An example of bibtex entries.
%  Entries taken from BMC instructions for authors page.

% uncomment next line to make author-year bibliography
% @settings{label, options="nameyear"}


@mastersthesis{1,
	author = {E Martin}, 
	title  = {Pap-smear Classification},
	school = {Technical University of Denmark, Oersted-DTU Automation},
	year   = {2003}
}

@article{2,
	author  = {Y Marinakis, M Marinaki, and G Dounias}, 
	title   = {Particle swarm optimization for pap-smear diagnosis},
	journal = {Expert Systems with Applications}, 
	year  = {2008},	 
	  volume= {35}, 
	  number= {4}, 
	  pages = {1645–1656}
}	

@article{3,
	author  = {A. Tsakonas, G. Dounias, J. Jantzen, H. Axer, B. Bjerregaard and DG. von Keyserlingk}, 
	title   = {Evolving rule-based systems in two medical domains using genetic programming},
	journal = {Artificial Intelligence in Medicine}, 
	year  = {2004},	 
	  volume= {32}, 
	  number= {3}, 
	  pages = {195–216}
}	

@article{4,
	author  = {ME Plissiti, C Nikou and A Charchanti}, 
	title   = {Automated detection of cell nuclei in pap smear images using morphological reconstruction and clustering},
	journal = {EEE Transactions on information technology in biomedicine}, 
	year  = {2011},
	  volume= {15}, 
	  number= {2}, 
	  pages = {233–241}
}	

@article{5,
	author  = {A Gençtav, S Aksoy, and S Önder}, 
	title   = {Unsupervised segmentation and classification of cervical cell images},
	journal = {Pattern recognition}, 
	year  = {2012},
	  volume= {45}, 
	  number= {12}, 
	  pages = {4151–4168}
}	

@article{6,
	author  = {T Chankong, N Theera-Umpon and S Auephanwiriyakul}, 
	title   = {Automatic cervical cell segmentation and classification in Pap smears},
	journal = {Computer methods and programs in biomedicine}, 
	year  = {2014},
	  volume= {113}, 
	  number= {2}, 
	  pages = {539–556}
}	

@online{7,
	title  = {Pap-smear (DTU/HERLEV) databases and related studies},
	url = {http://mde-lab.aegean.gr/index.php/downloads\_links.html}
}

@article{8,
	author  = {G Dounias, B Bjerregaard, J Jantzen, A Tsakonas, N Ampazis, G Panagi and E Panourgias}, 
	title   = {Automated identification of cancerous smears using various competitive intelligent techniques},
	journal = {Oncology reports}, 
	year  = {2006},
	  volume= {15}, 
	  number= {4}, 
	  pages = {1001–1006}
}	

@article{9,
	author  = {L Nanni, A Lumini and S Brahnam}, 
	title   = {Local binary patterns variants as texture descriptors for medical image analysis},
	journal = {Artificial intelligence in medicine}, 
	year  = {2010},
	  volume= {49}, 
	  number= {2}, 
	  pages = {117–125}
}	

@article{10,
	author={Y. Lecun and L. Bottou and Y. Bengio and P. Haffner}, 
	journal={Proceedings of the IEEE}, 
	title={Gradient-based learning applied to document recognition}, 
	year={1998}, 
	  volume={86}, 
	  number={11}, 
	  pages={2278-2324}
}	

@article{11,
	author  = {SL Phung and A Bouzerdoum}, 
	title   = {A pyramidal neural network for visual pattern recognition},
	journal = {IEEE Transactions on Neural Networks}, 
	year  = {2007},
	  volume= {18}, 
	  number= {2}, 
	  pages = {329–343}
}	

@inproceedings{12,
  title={Matconvnet: Convolutional neural networks for matlab},
  author={Vedaldi, Andrea and Lenc, Karel},
  booktitle={Proceedings of the 23rd ACM international conference on Multimedia},
  pages={689--692},
  year={2015},
  organization={ACM}
}

@article{13,
	author  = {LM Rasdi Rere, MI Fanany, and AM Arymurthy}, 
	title={Metaheuristic Algorithms for Convolution Neural Network},
    journal={Computational Intelligence and Neuroscience},
	  volume={2016},
	  year={2016}
}	

@inproceedings{14,
	title={Weka: A machine learning workbench},
  	author={Holmes, Geoffrey and Donkin, Andrew and Witten, Ian H},
	  booktitle={Intelligent Information Systems, 1994. Proceedings of the 1994 Second Australian and New Zealand Conference on},
	  pages={357--361},
	  year={1994},
	  organization={IEEE}
}	